<record><leader>00000cas a22000007a 4500</leader><controlfield tag="001">15926818</controlfield><controlfield tag="008">870612d18381853pauwr ne      0    0eng d</controlfield><datafield ind1=" " ind2=" " tag="010"><subfield code="a">sn 87078242 </subfield></datafield><datafield ind1=" " ind2=" " tag="040"><subfield code="a">NPH</subfield><subfield code="b">eng</subfield><subfield code="c">NPH</subfield><subfield code="d">OCLCQ</subfield></datafield><datafield ind1=" " ind2=" " tag="042"><subfield code="a">msc</subfield></datafield><datafield ind1="0" ind2="0" tag="245"><subfield code="a">Greene County Whig.</subfield></datafield><datafield ind1=" " ind2=" " tag="260"><subfield code="a">Waynesburg, Pa. :</subfield><subfield code="b">[By Simeon Siegfried, Jun.]</subfield></datafield><datafield ind1=" " ind2=" " tag="300"><subfield code="a">v. ;</subfield><subfield code="c">56 cm.</subfield></datafield><datafield ind1=" " ind2=" " tag="310"><subfield code="a">Weekly</subfield></datafield><datafield ind1="1" ind2=" " tag="362"><subfield code="a">Began in 1838?; ceased in 1853?</subfield></datafield><datafield ind1=" " ind2=" " tag="500"><subfield code="a">Publishers: Thomas W. Porter &amp; Benj. F. Campbell, &lt;Mar. 2, 1852&gt;.</subfield></datafield><datafield ind1=" " ind2=" " tag="515"><subfield code="a">Issues for &lt;Jan. 29, 1850&gt; called also &lt;whole no. 316&gt;.</subfield></datafield><datafield ind1=" " ind2=" " tag="588"><subfield code="a">Description based on: New ser. v. 1, no. 4 (Jan. 29, 1850).</subfield></datafield><datafield ind1=" " ind2=" " tag="752"><subfield code="a">United States</subfield><subfield code="b">Pennsylvania</subfield><subfield code="c">Greene</subfield><subfield code="d">Waynesburg.</subfield></datafield></record>